@misc{ranganathan2022optimal,
      title={Optimal shepherding and transport of a flock}, 
      author={Aditya Ranganathan and Alexander Heyde and Anupam Gupta and L. Mahadevan},
      year={2022},
      eprint={2211.04352},
      archivePrefix={arXiv},
      primaryClass={cond-mat.soft}
}

@misc{lien2003shepherding,
      title={Shepherding Behaviors}, 
      author={Jyh-Ming Lien and O. Burchan Bayazit and Ross T. Sowell and Samuel Rodr√≠guez and Nancy M. Amato},
      year={2003}
}