@inproceedings{boids,
  title={Flocks, herds and schools: A distributed behavioral model},
  author={Reynolds, Craig W},
  booktitle={Proceedings of the 14th annual conference on Computer graphics and interactive techniques},
  pages={25--34},
  year={1987}
}

@article{alignment,
  title={Novel type of phase transition in a system of self-driven particles},
  author={Vicsek, Tam{\'a}s and Czir{\'o}k, Andr{\'a}s and Ben-Jacob, Eshel and Cohen, Inon and Shochet, Ofer},
  journal={Physical review letters},
  volume={75},
  number={6},
  pages={1226},
  year={1995},
  publisher={APS}
}
@misc{ranganathan2022,
      title={Optimal shepherding and transport of a flock}, 
      author={Aditya Ranganathan and Alexander Heyde and Anupam Gupta and L. Mahadevan},
      year={2022},
      eprint={2211.04352},
      archivePrefix={arXiv},
      primaryClass={cond-mat.soft}
}