@article{kubo2022herd,
  title={Herd guidance by multiple sheepdog agents with repulsive force},
  author={Kubo, Masao and Tashiro, Midori and Sato, Hiroshi and Yamaguchi, Akihiro},
  journal={Artificial Life and Robotics},
  pages={1--12},
  year={2022},
  publisher={Springer}
}

@misc{ranganathan2022optimal,
      title={Optimal shepherding and transport of a flock}, 
      author={Aditya Ranganathan and Alexander Heyde and Anupam Gupta and L. Mahadevan},
      year={2022},
      eprint={2211.04352},
      archivePrefix={arXiv},
      primaryClass={cond-mat.soft}
}

@misc{lien2003shepherding,
      title={Shepherding Behaviors}, 
      author={Jyh-Ming Lien and O. Burchan Bayazit and Ross T. Sowell and Samuel Rodr√≠guez and Nancy M. Amato},
      year={2003}
}

@inproceedings{boids,
  title={Flocks, herds and schools: A distributed behavioral model},
  author={Reynolds, Craig W},
  booktitle={Proceedings of the 14th annual conference on Computer graphics and interactive techniques},
  pages={25--34},
  year={1987}
}

@article{alignment,
  title={Novel type of phase transition in a system of self-driven particles},
  author={Vicsek, Tam{\'a}s and Czir{\'o}k, Andr{\'a}s and Ben-Jacob, Eshel and Cohen, Inon and Shochet, Ofer},
  journal={Physical review letters},
  volume={75},
  number={6},
  pages={1226},
  year={1995},
  publisher={APS}
}

@article{baxter2021simulating,
  title={Simulating single and multiple sheepdogs guidance of a sheep swarm},
  author={Baxter, Daniel and Garratt, Matthew and Abbass, Hussein A},
  journal={Shepherding UxVs for Human-Swarm Teaming: An Artificial Intelligence Approach to Unmanned X Vehicles},
  pages={51--65},
  year={2021},
  publisher={Springer}
}

